@book{effectiveJava,
 author = {Bloch, Joshua},
 title = {Effective Java (2nd Edition) (The Java Series)},
 year = {2008},
 isbn = {0321356683, 9780321356680},
 publisher = {Prentice Hall PTR},
 address = {Upper Saddle River, NJ, USA},
 }